% Encoding: UTF-8

@misc{programmersalaries,
  title     = {Зарплата в IT | dev.by},
  date      = {2025-03-09},
  url       = {https://salaries.devby.io/},
  timestamp = {2025-03-09}
}

@misc{fluxcd,
  title     = {Официальная документация FluxCD},
  date      = {2025-03-09},
  url       = {https://fluxcd.io/},
  timestamp = {2025-03-09}
}

@misc{kubernetes,
  title     = {Официальная документация Kubernetes},
  date      = {2025-03-09},
  url       = {https://kubernetes.io/},
  timestamp = {2025-03-09}
}

@misc{authentik,
  title     = {Официальная документация Authentik},
  date      = {2025-03-09},
  url       = {https://goauthentik.io/},
  timestamp = {2025-03-09}
}

@misc{hashicorpvault,
  title     = {Официальная документация HashiCorp Vault},
  date      = {2025-03-09},
  url       = {https://www.vaultproject.io/},
  timestamp = {2025-03-09}
}

@misc{grafana,
  title     = {Официальная документация Grafana},
  date      = {2025-03-09},
  url       = {https://grafana.com/},
  timestamp = {2025-03-09}
}

@misc{prometheus,
  title     = {Официальная документация Prometheus},
  date      = {2025-03-09},
  url       = {https://prometheus.io/},
  timestamp = {2025-03-09}
}

@misc{ansible,
  title     = {Официальная документация Ansible},
  date      = {2025-03-09},
  url       = {https://www.ansible.com/},
  timestamp = {2025-03-09}
}

@misc{terraform,
  title     = {Terraform},
  date      = {2025-03-09},
  url       = {https://www.terraform.io/},
  timestamp = {2025-03-09}
}
